% Encoding: UTF-8

@Article{Stoica2003,
  author     = {Stoica, Ion and Morris, Robert and Liben-Nowell, David and Karger, David R. and Kaashoek, M. Frans and Dabek, Frank and Balakrishnan, Hari},
  title      = {{Chord}: A Scalable Peer-to-Peer Lookup Protocol for Internet Applications},
  doi        = {10.1109/TNET.2002.808407},
  issn       = {1063-6692},
  number     = {1},
  pages      = {17â€“32},
  url        = {https://doi.org/10.1109/TNET.2002.808407},
  volume     = {11},
  file       = {:Stoica2003 - Chord_ a Scalable Peer to Peer Lookup Protocol for Internet Applications.PDF:PDF},
  groups     = {distributed-stores, inf3200},
  issue_date = {February 2003},
  journal    = {IEEE/ACM Trans. Netw.},
  keywords   = {lookup protocols, peer-to-peer networks, distributed scalable algorithms},
  month      = feb,
  numpages   = {16},
  publisher  = {IEEE Press},
  year       = {2003},
}

@article{article,
author = {Lee, Dong and In, Junyong and Lee, Sangseok},
year = {2015},
month = {06},
pages = {220-3},
title = {Standard deviation and standard error of the mean},
volume = {68},
journal = {Korean journal of anesthesiology},
doi = {10.4097/kjae.2015.68.3.220}
}
